@book{haykin2009neural,
  title={Neural networks and learning machines},
  author={Haykin, Simon S and Haykin, Simon S and Haykin, Simon S and Haykin, Simon S},
  volume={3},
  year={2009},
  publisher={Pearson Education Upper Saddle River}
}
@book{theodoridis2009pattern,
  title={Pattern Recognition},
  author={Theodoridis, Sergios and Konstantinos Koutroumbas},
  volume={3},
  year={2009},
  publisher={Academic Press Elsevier}
}
